<?xml version="1.0" encoding="UTF-8"?><collection xmlns="http://www.loc.gov/MARC21/slim"><record><leader>00397nam--2200133-i-4500</leader><controlfield tag="001">000006058</controlfield><controlfield tag="002">20161230</controlfield><controlfield tag="005">20170306181845</controlfield><controlfield tag="008">060222s1000------------r-----000-0-eng-d</controlfield><datafield ind1=" " ind2=" " tag="100"><subfield code="a">Barr, A. E. De</subfield></datafield><datafield ind1=" " ind2=" " tag="245"><subfield code="a">Automatic control. An introduction to the theory of feedback and feedback control systems</subfield></datafield><datafield ind1=" " ind2=" " tag="260"><subfield code="a">London</subfield><subfield code="b">Chapman And Hall Ltd</subfield><subfield code="c">1962</subfield></datafield><datafield ind1=" " ind2=" " tag="300"><subfield code="a">118 p</subfield></datafield><datafield ind1=" " ind2=" " tag="CAT"><subfield code="a">SYS</subfield><subfield code="c">20170306</subfield><subfield code="h">181845</subfield></datafield></record></collection>